
@article{jianping2025,
	title = {中国制造业的核心能力、功能定位与发展战略——兼评《中国制造2025》},
	issn = {1006-480X},
	url = {http://kns.cnki.net/KCMS/detail/detail.aspx?dbcode=CJFQ&dbname=CJFDLAST2015&filename=GGYY201506002&uid=WEEvREcwSlJHSldRa1FhcEE0RVZyZVhIamFsRjIzdUR2Y2dTK2xmMUxKYz0=$9A4hF_YAuvQ5obgVAqNKPCYcEjKensW4ggI8Fm4gTkoUKaID8j8gFw!!&v=MjA1MTJGeTdtVmIzTElpclNkN0c0SDlUTXFZOUZab1I4ZVgxTHV4WVM3RGgxVDNxVHJXTTFGckNVUkxLZll1VnY=},
	abstract = {未来中国制造业发展所面临的深层次困境和挑战,不仅要求中国政府和企业充分吸收和学习发达工业国家工业化过程中的普遍制度、政策安排和共性创新实践,更要求中国从自身独特的产业基础、人力资源、市场需求和文化特征出发,构建并不断提升其独特的制造业核心能力。比较研究和历史分析显示,任何工业强国都具有不易模仿、不易扩散的核心技术能力,而能够促成后发国家跃升成为工业强国的制度安排,必然要与该国制造业的核心技术能力相匹配。与核心技术能力相适应的制度安排,既具有发达工业国家制度安排的一般性,更具有路径依赖和一国独特能力所决定的异质性,而只有制度安排中的那些异质性成分才能构成工业强国的组织能力,并与技术能力一起在具有"战略互补性"特征的演化过程中相互增强。但由于没有认识到中国制造业核心能力的特异性,目前国内学术界主流的制度观研究常常在复杂的实证分析之后提出一些各国共性的制度安排作为其对中国建设工业强国的政策建议,在这种情况下,其作为规范研究的意义自然就会大打折扣。与美、日、德、韩等工业强国相比,中国制造业的优势主要体现在模块化架构产品和大型复杂装备领域,而在产品架构一体化领域、制造工艺一体化领域以及既具有一体化特征又需要前沿科技支撑的核心零部件领域相对缺乏优势。未来中国制造业核心能力提升的可能方向,一是通过架构创新和标准创新加强将一体化架构产品转化为模块化架构的能力,缩短或者破坏产品生命周期演进的一般路径;二是针对国外技术与中国本土市场需求不匹配的机会,充分利用中国的市场和制造优势,不断提升复杂装备的架构创新和集成能力。以这样的学术理解为评价标准,《中国制造2025》本质上仅仅是一个政策力度更大的传统产业政策,而没有从根本上回答中国制造业"往何处去"和"如何去"的问题。},
	pages = {5--17},
	number = {6},
	journaltitle = {中国工业经济},
	author = {黄, 群慧 and 贺, 俊},
	urldate = {2018-05-30},
	date = {2015},
	keywords = {产业政策, 技术能力, 制造业, 组织能力, industry policy, manufacturing, organizational capability, technological capability}
}

@article{__2016,
	title = {人工智能与人类智能——从认知科学五个层级的理论看人机大战},
	issn = {1000-5919},
	url = {http://kns.cnki.net/KCMS/detail/detail.aspx?dbcode=CJFQ&dbname=CJFD2013&filename=HLJW201307004&uid=WEEvREcwSlJHSldRa1FhcEE0RVZyZVhIamFsRjIzdUR2Y2dTK2xmMUxKYz0=$9A4hF_YAuvQ5obgVAqNKPCYcEjKensW4ggI8Fm4gTkoUKaID8j8gFw!!&v=MTI0MjNCZWJHNEg5TE1xSTlGWUlSOGVYMUx1eFlTN0RoMVQzcVRyV00xRnJDVVJMS2ZZdVZ2RnlIa1Y3N0pMU0g=},
	abstract = {人类心智和认知分为神经、心理、语言、思维、文化五个层级。在人类认知的所有五个层级上,人工智能都是在模仿人类智能;人工智能是在不断进步的,但在总体上并未超过人类智能。在语言、思维和文化层级上,即在高阶认知层级上,目前人工智能都远逊于人类智能。事实上,人工智能和人类智能这两种智能方式是截然不同的。机器学习也只是对人类认知能力的一种模仿,不能作过高的评价,不必惊慌,更不能人为地制造恐慌。著名的塞尔人工智能理论"中文房间论证"的模型和标准并未过时,根据这个论证,数字计算机(digital computer)永远不会具有人类智能,因此,在可预见的未来也不会出现超过人类智能的人工智能。},
	pages = {145--154},
	number = {4},
	journaltitle = {北京大学学报(哲学社会科学版)},
	author = {蔡, 曙山 and 薛, 小迪},
	urldate = {2018-05-30},
	date = {2016},
	keywords = {人工智能, 人类认知, 人类心智, 人类智能, 认知科学, artificial intelligence({AI}), cognitive science, human cognition, human intelligence, human mind}
}

@article{xianzhuang,
	title = {中国制造业现状与国际竞争力分析},
	issn = {2095-3283},
	url = {http://kns.cnki.net/KCMS/detail/detail.aspx?dbcode=CJFQ&dbname=CJFD2013&filename=HLJW201307004&uid=WEEvREcwSlJHSldRa1Fhb09jSnZqRXFqcy9JR2U1SFc3MEQ0UThod3hmUT0=$9A4hF_YAuvQ5obgVAqNKPCYcEjKensW4ggI8Fm4gTkoUKaID8j8gFw!!&v=MjE2MTBMTXFJOUZZSVI4ZVgxTHV4WVM3RGgxVDNxVHJXTTFGckNVUkxLZll1VnZGeUhrVkwvS0xTSEJlYkc0SDk=},
	abstract = {利用最新的统计数据,从制造业的规模、增加值、吸收外资和出口等方面对中国制造业的现状进行分析,通过相对出口优势指数、贸易竞争指数和制成品国际市场占有率三个指标,综合考察中国制造业的国际竞争力,并以此为基础提出加快体制改革和制度创新,提高自主创新能力;以高新技术改造传统产业,提高劳动密集型产品附加值;提高引进外资质量,鼓励有实力的企业"走出去"等提高我国制造业国际竞争力的相关对策建议。},
	pages = {7--10},
	number = {7},
	journaltitle = {对外经贸},
	author = {陈, 文科},
	urldate = {2018-05-30},
	date = {2013},
	keywords = {国际竞争力, 贸易竞争指数, 制造业}
}

@article{zhinenghua,
	title = {工程机械的智能化趋势与发展对策},
	issn = {1673-5587},
	url = {http://kns.cnki.net/KCMS/detail/detail.aspx?dbcode=CJFQ&dbname=CJFDLAST2016&filename=SDJI201601066&uid=WEEvREcwSlJHSldRa1Fhb09jSnZqRXFqcy9JR2U1SFc3MEQ0UThod3hmUT0=$9A4hF_YAuvQ5obgVAqNKPCYcEjKensW4ggI8Fm4gTkoUKaID8j8gFw!!&v=MTA5NjdmWXVWdkZ5SGtWTHZPTmluQlo3RzRIOWZNcm85RFlvUjhlWDFMdXhZUzdEaDFUM3FUcldNMUZyQ1VSTEs=},
	abstract = {工程机械智能化发展趋势不仅意味着工程机械需改变传统的运营模式,还需改变机械的运转操作流程,将其以集成化与智能化形式融入工程机械工作流程中,从而提高工程机械的工作效率,降低资源损耗,使工程机械能够高效率完成施工项目要求。本文针对工程机械的智能化发展趋势及发展展开探讨。},
	pages = {147--148},
	number = {1},
	journaltitle = {现代制造技术与装备},
	author = {董, 富强},
	urldate = {2018-05-30},
	date = {2016},
	keywords = {发展对策, 工程机械, 智能化, Construction Machinery, Development Strategy, Intelligent}
}